@incollection{bern1996approximation,
  author    = {Bern, Marshall and Eppstein, David},
  title     = {Approximation Algorithms for Geometric Problems},
  booktitle = {Approximation Algorithms for {NP}-hard Problems},
  editor    = {Hochbaum, Dorit S.},
  year      = {1997},
  isbn      = {0-534-94968-1},
  pages     = {296--345},
  numpages  = {50},
  publisher = {PWS Publishing Co.},
}

@inproceedings{federGonzalez1988,
  author    = {Feder, Tom\'{a}s and Greene, Daniel},
  title     = {Optimal Algorithms for Approximate Clustering},
  booktitle = P20 # STOC,
  series    = {STOC '88},
  year      = {1988},
  pages     = {434--444},
}

@article{megiddo1990complexity,
  title     = {A Survey on Information and Communication Technologies for Industry 4.0: State-of-the-Art, Taxonomies, Perspectives, and Challenges},
  author    = {G. Aceto, V. Persico and A. Pescapé},
  journal   = {IEEE Communications Surveys & Tutorials},
  volume    = {21},
  number    = {3},
  pages     = {327--334},
  year      = {1990},
  publisher = {Elsevier},
}

@book{vazirani2013approximation,
  author    = {Vazirani, Vijay V.},
  title     = {Approximation Algorithms},
  year      = {2001},
  isbn      = {3-540-65367-8},
  publisher = {Springer-Verlag New York, Inc.},
}

%%%%%%%%%%%%%%%%%%%%%%%%%%%%%%%%%%%%%%%%%%%%%%%%%%%%%%%%%%%%%%%%%%%%%%%%%%%%%%%%%%%%%%%%%

@inproceedings{Zhou2015Industry4,
  author    = {K. Zhou and T. Liu and L. Zhou},
  title     = {Industry\,4.0: Towards Future Industrial Opportunities and Challenges},
  booktitle = {Proceedings of the 2015 12th International Conference on Fuzzy Systems and Knowledge Discovery (FSKD)},
  year      = {2015},
  month     = {Aug.},
  doi       = {10.1109/FSKD.2015.7382284},
}

@article{Aceto2019Survey,
  author  = {G. Aceto and V. Persico and A. Pescapé},
  title   = {A Survey on Information and Communication Technologies for Industry 4.0: State-of-the-Art, Taxonomies, Perspectives, and Challenges},
  journal = {IEEE Communications Surveys \& Tutorials},
  year    = {2019},
  volume  = {21},
  number  = {4},
  pages   = {3467--3501},
  doi     = {10.1109/COMST.2019.2938259},
}

@book{Tyagi2021Industry4,
  editor    = {Amit Kumar Tyagi and Shrikant Tiwari and Sayed Sayeed Ahmad},
  title     = {Industry\,4.0, Smart Manufacturing, and Industrial Engineering: Challenges and Opportunities},
  publisher = {CRC Press},
  year      = {2021},
}

@article{Xu2018Industry4,
  author    = {Li Da Xu and Eric L. Xu and Ling Li},
  title     = {Industry\,4.0: State of the Art and Future Trends},
  journal   = {International Journal of Production Research},
  year      = {2018},
  volume    = {56},
  number    = {8},
  pages     = {2941--2962},
  doi       = {10.1080/00207543.2018.1444806},
}

@online{RnM2025GlobMar,
  author       = {{Research and Markets}},
  title        = {Industry 4.0 Technologies: Global Markets Through 2030},
  year         = {2025},
  url          = {https://www.researchandmarkets.com/reports/6111120},
  note         = {[Accessed: 11-Sep-2025]},
}

@online{StatiFacts2025GlobMar,
  author       = {{Statifacts}},
  title        = {Industry 4.0 - Worldwide},
  year         = {2025},
  url          = {https://www.statifacts.com/outlook/industry-4-0-market},
  note         = {[Accessed: 11-Sep-2025]},
}

@online{IMARC2025GlobInd,
  author       = {{IMARC Group}},
  title        = {Global Industry 4.0 Market Expected to Reach USD 570.5 Billion by 2033},
  year         = {2024},
  url          = {https://www.imarcgroup.com/industry-4-0-market-statistics},
  note         = {[Accessed: 11-Sep-2025]},
}

@online{GM2025Rise,
  author       = {{Global Market Insights}},
  title        = {Industry 4.0 Market Size},
  year         = {2023},
  url          = {https://www.gminsights.com/industry-analysis/industry-4-0-market},
  note         = {[Accessed: 11-Sep-2025]},
}

@online{IoTAnal2025Rise,
  author       = {{IOT ANALYTICS}},
  title        = {The rise of Industry 4.0 in 5 stats},
  year         = {2022},
  url          = {https://iot-analytics.com/industry-4-0-in-5-stats},
  note         = {[Accessed: 11-Sep-2025]},
}
